<record><leader>00000cas a2200000 i 4500</leader><controlfield tag="001">922961652</controlfield><controlfield tag="006">m     o  d        </controlfield><controlfield tag="007">cr |||||||||||</controlfield><controlfield tag="008">151007d19001905iducr neo     0   a0eng  </controlfield><datafield ind1=" " ind2=" " tag="010"><subfield code="a">  2015218886</subfield></datafield><datafield ind1=" " ind2=" " tag="040"><subfield code="a">DLC</subfield><subfield code="b">eng</subfield><subfield code="e">rda</subfield><subfield code="c">DLC</subfield><subfield code="d">DLC</subfield></datafield><datafield ind1="0" ind2=" " tag="022"><subfield code="a">2381-2931</subfield><subfield code="2">1</subfield></datafield><datafield ind1=" " ind2=" " tag="042"><subfield code="a">pcc</subfield><subfield code="a">nsdp</subfield></datafield><datafield ind1=" " ind2=" " tag="043"><subfield code="a">n-us-id</subfield></datafield><datafield ind1="1" ind2="0" tag="050"><subfield code="a">ISSN RECORD</subfield></datafield><datafield ind1="0" ind2="0" tag="082"><subfield code="a">071</subfield><subfield code="2">23</subfield></datafield><datafield ind1="0" ind2=" " tag="130"><subfield code="a">Lewiston teller (Lewiston, Idaho : 1900)</subfield></datafield><datafield ind1=" " ind2="4" tag="222"><subfield code="a">The Lewiston teller</subfield><subfield code="b">(Lewiston, Idaho. 1900. Online)</subfield></datafield><datafield ind1="1" ind2="4" tag="245"><subfield code="a">The Lewiston teller.</subfield></datafield><datafield ind1="1" ind2="7" tag="246"><subfield code="a">Semi-weekly teller</subfield></datafield><datafield ind1=" " ind2="1" tag="264"><subfield code="a">Lewiston, Idaho :</subfield><subfield code="b">[  C.] A. Foresman</subfield></datafield><datafield ind1=" " ind2=" " tag="300"><subfield code="a">1 online resource</subfield></datafield><datafield ind1=" " ind2=" " tag="310"><subfield code="a">Semiweekly,</subfield><subfield code="b">Oct. 7, 1902-Apr. 11, 1905</subfield></datafield><datafield ind1=" " ind2=" " tag="321"><subfield code="a">Weekly,</subfield><subfield code="b">&lt;May 28, 1900&gt;-Oct. 2, 1902</subfield></datafield><datafield ind1=" " ind2=" " tag="336"><subfield code="a">text</subfield><subfield code="b">txt</subfield><subfield code="2">rdacontent</subfield></datafield><datafield ind1=" " ind2=" " tag="337"><subfield code="a">computer</subfield><subfield code="b">c</subfield><subfield code="2">rdamedia</subfield></datafield><datafield ind1=" " ind2=" " tag="338"><subfield code="a">online resource</subfield><subfield code="b">cr</subfield><subfield code="2">rdacarrier</subfield></datafield><datafield ind1="1" ind2=" " tag="362"><subfield code="a">Began with May 28, 1900 issue; ceased with Vol. 29, no. 20 (April 11, 1905).</subfield></datafield><datafield ind1=" " ind2=" " tag="580"><subfield code="a">Daily eds.: Lewiston teller (Lewiston, Idaho : 1878), &lt;May 28, 1900&gt;-Aug. 16, 1900, and: Lewiston evening teller (Lewiston, Idaho : 1900), Aug. 17, 1900-Oct. 17, 1900, and: Lewiston daily teller, Oct. 18, 1900-Jan. 12, 1901, and: Lewiston evening teller (Lewiston, Idaho : 1903), Oct. 23, 1903-Oct. 29, 1904.</subfield></datafield><datafield ind1=" " ind2=" " tag="588"><subfield code="a">Description based on: Volume 25, number 16 (January 17, 1901); title from masthead (Chroniclingamerica.loc.gov, viewed October 7, 2015).</subfield></datafield><datafield ind1=" " ind2=" " tag="588"><subfield code="a">Latest issue consutled: Vol. 29, no. 20  (April 11, 1905) (Chroniclingamerica.loc.gov, viewed October 7, 2015).</subfield></datafield><datafield ind1=" " ind2="0" tag="651"><subfield code="a">Lewiston (Idaho)</subfield><subfield code="v">Newspapers.</subfield></datafield><datafield ind1=" " ind2="7" tag="651"><subfield code="a">Idaho</subfield><subfield code="z">Lewiston.</subfield><subfield code="2">fast</subfield><subfield code="0">(OCoLC)fst01217687</subfield></datafield><datafield ind1=" " ind2="7" tag="655"><subfield code="a">Newspapers.</subfield><subfield code="2">fast</subfield><subfield code="0">(OCoLC)fst01423814</subfield></datafield><datafield ind1=" " ind2=" " tag="752"><subfield code="a">United States</subfield><subfield code="b">Idaho</subfield><subfield code="c">Nez Perce</subfield><subfield code="d">Lewiston.</subfield></datafield><datafield ind1="1" ind2=" " tag="775"><subfield code="t">Lewiston teller (Lewiston, Idaho : 1878)</subfield></datafield><datafield ind1="1" ind2=" " tag="775"><subfield code="t">Lewiston evening teller (Lewiston, Idaho : 1900)</subfield></datafield><datafield ind1="1" ind2=" " tag="775"><subfield code="t">Lewiston daily teller</subfield></datafield><datafield ind1="1" ind2=" " tag="775"><subfield code="t">Lewiston evening teller (Lewiston, Idaho : 1903)</subfield></datafield><datafield ind1="0" ind2="8" tag="776"><subfield code="i">Originally issued in print:</subfield><subfield code="t">Lewiston teller (Lewiston, Idaho : 1900)</subfield><subfield code="x">2381-2923</subfield><subfield code="w">(DLC)sn 89055112</subfield><subfield code="w">(OCoLC)19504783</subfield></datafield><datafield ind1="0" ind2="4" tag="785"><subfield code="t">Inter-state news</subfield></datafield><datafield ind1="0" ind2="4" tag="785"><subfield code="t">Lewiston inter-state news</subfield></datafield><datafield ind1="4" ind2="0" tag="856"><subfield code="u">http://www.loc.gov/chroniclingamerica/lccn/sn89055112/issues</subfield></datafield></record>